aurelien@archaurel.3526:1511773712