@article{abdulle2009short,
  title={A short and versatile finite element multiscale code for homogenization problems},
  author={Abdulle, Assyr and Nonnenmacher, Achim},
  journal={Computer Methods in Applied Mechanics and Engineering},
  volume={198},
  number={37},
  pages={2839--2859},
  year={2009},
  publisher={Elsevier}
}
